@article{Kokkotas_2008,
   title={Gravitational Wave Astronomy},
   ISBN={9783527408207},
   url={http://dx.doi.org/10.1002/9783527622993.ch7},
   DOI={10.1002/9783527622993.ch7},
   journal={Reviews in Modern Astronomy},
   publisher={Wiley-VCH Verlag GmbH & Co. KGaA},
   author={Kokkotas, Konstantinos D.},
   year={2008},
   month={Nov},
   pages={140–166}
}

@article{Dirkes_2018,
   title={Gravitational waves — A review on the theoretical foundations of gravitational radiation},
   volume={33},
   ISSN={1793-656X},
   url={http://dx.doi.org/10.1142/S0217751X18300132},
   DOI={10.1142/s0217751x18300132},
   number={14n15},
   journal={International Journal of Modern Physics A},
   publisher={World Scientific Pub Co Pte Lt},
   author={Dirkes, Alain},
   year={2018},
   month={May},
   pages={1830013}
}

@ARTICLE{1972ARA&A..10..335P,
       author = {{Press}, William H. and {Thorne}, Kip S.},
        title = "{Gravitational-Wave Astronomy}",
         year = 1972,
        month = jan,
       volume = {10},
        pages = {335},
          doi = {10.1146/annurev.aa.10.090172.002003},
       adsurl = {https://ui.adsabs.harvard.edu/abs/1972ARA&A..10..335P},
      adsnote = {Provided by the SAO/NASA Astrophysics Data System}
}

@article{Obukhov_2009,
   title={On the energy transported by exact plane gravitational-wave solutions},
   volume={26},
   ISSN={1361-6382},
   url={http://dx.doi.org/10.1088/0264-9381/26/21/215014},
   DOI={10.1088/0264-9381/26/21/215014},
   number={21},
   journal={Classical and Quantum Gravity},
   publisher={IOP Publishing},
   author={Obukhov, Yuri N and Pereira, J G and Rubilar, Guillermo F},
   year={2009},
   month={Oct},
   pages={215014}
}

@book{Creighton:2011zz,
    author = "Creighton, Jolien D. E. and Anderson, Warren G.",
    title = "{Gravitational-wave physics and astronomy: An introduction to theory, experiment and data analysis}",
    year = "2011"
}

@article{article,
author = {Fryer, Chris and New, Kimberly},
year = {2003},
month = {01},
pages = {2},
title = {Gravitational Waves from Gravitational Collapse},
volume = {6},
journal = {Living reviews in relativity},
doi = {10.12942/lrr-2003-2}
}

@article{van_der_Sluys_2008,
	doi = {10.1086/595279},
	url = {https://doi.org/10.1086/595279},
	year = 2008,
	month = {oct},
	publisher = {American Astronomical Society},
	volume = {688},
	number = {2},
	pages = {L61--L64},
	author = {M. V. van der Sluys and C. Röver and A. Stroeer and V. Raymond and I. Mandel and N. Christensen and V. Kalogera and R. Meyer and A. Vecchio},
	title = {Gravitational-Wave Astronomy with Inspiral Signals of Spinning Compact-Object Binaries},
	journal = {The Astrophysical Journal}
}

@MISC{Linear,
howpublished={\url{https://www.ligo.caltech.edu/page/gw-sources}}
}

@MISC{PBH_defn,
howpublished={\url{https://en.wikipedia.org/wiki/Primordial_black_hole}}
}

@article{Nakama_2017,
   title={Stochastic gravitational waves associated with the formation of primordial black holes},
   volume={95},
   ISSN={2470-0029},
   url={http://dx.doi.org/10.1103/PhysRevD.95.043511},
   DOI={10.1103/physrevd.95.043511},
   number={4},
   journal={Physical Review D},
   publisher={American Physical Society (APS)},
   author={Nakama, Tomohiro and Silk, Joseph and Kamionkowski, Marc},
   year={2017},
   month={Feb}
}

@MISC{CHE,
howpublished={\url{https://physics.stackexchange.com/questions/413888/meaning-of-scales-leaving-and-re-entering-the-horizon-in-the-inflationary-paradi}}
}

@article{Garc_a_Bellido_2017,
   title={Gravitational wave bursts from Primordial Black Hole hyperbolic encounters},
   volume={18},
   ISSN={2212-6864},
   url={http://dx.doi.org/10.1016/j.dark.2017.10.002},
   DOI={10.1016/j.dark.2017.10.002},
   journal={Physics of the Dark Universe},
   publisher={Elsevier BV},
   author={García-Bellido, Juan and Nesseris, Savvas},
   year={2017},
   month={Dec},
   pages={123–126}
}

@inproceedings{Thorne:1995xs,
    author = "Thorne, Kip S.",
    title = "{Gravitational waves}",
    booktitle = "{1994 DPF Summer Study on High-energy Physics: Particle and Nuclear Astrophysics and Cosmology in the Next Millenium (Snowmass 94)}",
    eprint = "gr-qc/9506086",
    archivePrefix = "arXiv",
    reportNumber = "GRP-411",
    month = "6",
    year = "1995"
}

@article{PhysRevLett.116.061102,
  title = {Observation of Gravitational Waves from a Binary Black Hole Merger},
  author = {Abbott, B. P. and Abbott, R. and Abbott},
  collaboration = {LIGO Scientific Collaboration and Virgo Collaboration},
  journal = {Phys. Rev. Lett.},
  volume = {116},
  issue = {6},
  pages = {061102},
  numpages = {16},
  year = {2016},
  month = {Feb},
  publisher = {American Physical Society},
  doi = {10.1103/PhysRevLett.116.061102},
  url = {https://link.aps.org/doi/10.1103/PhysRevLett.116.061102}
}

@article{Abbott_2016,
   title={Improved Analysis of GW150914 Using a Fully Spin-Precessing Waveform Model},
   volume={6},
   ISSN={2160-3308},
   url={http://dx.doi.org/10.1103/PhysRevX.6.041014},
   DOI={10.1103/physrevx.6.041014},
   number={4},
   journal={Physical Review X},
   publisher={American Physical Society (APS)},
   author={Abbott, B. P. and Abbott, R. and Abbott, T. D. and Abernathy, M. R. and Acernese, F. and Ackley, K. and Adams, C. and Adams, T. and Addesso, P. and Adhikari, R. X. and et al.},
   year={2016},
   month={Oct}
}

@MISC{Ligo_org,
howpublished={\url{https://www.ligo.org/science/Publication-GW150914Astro/flyer.pdf}}
}

@MISC{LIGO_org,
howpublished={\url{https://www.ligo.caltech.edu/system/media_files/binaries/301/original/detection-science-summary.pdf}}
}

@article{Schutz_1999,
	doi = {10.1088/0264-9381/16/12a/307},
	url = {https://doi.org/10.1088/0264-9381/16/12a/307},
	year = 1999,
	month = {nov},
	publisher = {{IOP} Publishing},
	volume = {16},
	number = {12A},
	pages = {A131--A156},
	author = {B F Schutz},
	title = {Gravitational wave astronomy},
	journal = {Classical and Quantum Gravity},
}

@article{Mukherjee_2020,
   title={Probing the theory of gravity with gravitational lensing of gravitational waves and galaxy surveys},
   volume={494},
   ISSN={1365-2966},
   url={http://dx.doi.org/10.1093/mnras/staa827},
   DOI={10.1093/mnras/staa827},
   number={2},
   journal={Monthly Notices of the Royal Astronomical Society},
   publisher={Oxford University Press (OUP)},
   author={Mukherjee, Suvodip and Wandelt, Benjamin D and Silk, Joseph},
   year={2020},
   month={Mar},
   pages={1956–1970}
}

@MISC{sounds_of_space,
howpublished={\url{https://www.soundsofspacetime.org/the-basics-of-binary-coalescence.html}}
}

@MISC{Neutron_wiki,
howpublished={\url{https://en.wikipedia.org/wiki/Neutron_star}}
}

@inproceedings{Allen1996TheSG,
  title={The Stochastic Gravity-Wave Background: Sources and Detection},
  author={B. Allen},
  year={1996}
}

@article{weiss1972electronically,
  title={Electronically coupled broadband gravitational antenna},
  author={Weiss, Rainer and Muehlner, Dirk},
  journal={Research Laboratory of Electronics (MIT),(105)},
  volume={54},
  year={1972},
  publisher={Citeseer}
}

@inproceedings{giaime2000active,
  title={Active seismic isolation for enhanced LIGO detectors},
  author={Giaime, Joseph and Lantz, Brian and DeBra, Daniel and How, Jonathan and Hardham, Corwin and Richman, Sam and Stebbins, Robin},
  booktitle={AIP Conference Proceedings},
  volume={523},
  number={1},
  pages={300--305},
  year={2000},
  organization={American Institute of Physics}
}

@book{saulson1994fundamentals,
  title={Fundamentals of interferometric gravitational wave detectors},
  author={Saulson, Peter R},
  year={1994},
  publisher={World Scientific}
}

@book{braginsky1995quantum,
  title={Quantum measurement},
  author={Braginsky, Vladimir B and Braginski, Vladimir Borisovich and Khalili, Farid Ya},
  year={1995},
  publisher={Cambridge University Press}
}

@article{buonanno18optical,
  title={Optical noise correlations and beating the standard quantum limit in LIGO-II},
  author={Buonanno, Alessandra and Chen, Yanbei},
  journal={Classical and Quantum Gravity},
  volume={18},
  pages={L95}
}

@article{buonanno2001quantum,
  title={Quantum noise in second generation, signal-recycled laser interferometric gravitational-wave detectors},
  author={Buonanno, Alessandra and Chen, Yanbei},
  journal={Physical Review D},
  volume={64},
  number={4},
  pages={042006},
  year={2001},
  publisher={APS}
}

@article{Lommen_2015,
	doi = {10.1088/0034-4885/78/12/124901},
	url = {https://doi.org/10.1088/0034-4885/78/12/124901},
	year = 2015,
	month = {nov},
	publisher = {{IOP} Publishing},
	volume = {78},
	number = {12},
	pages = {124901},
	author = {Andrea N Lommen},
	title = {Pulsar timing arrays: the promise of gravitational wave detection},
	journal = {Reports on Progress in Physics},
}

@Book{AstronomyAndbeyond:1999,
    Author = "Michael A Seeds, Dana E Backman",
    Title = "{Astronomy: The solar system and beyond}",
    Year = "1999"
}
 
@article{barish1999ligo,
  title={LIGO and the detection of gravitational waves},
  author={Barish, Barry C and Weiss, Rainer},
  journal={Physics Today},
  volume={52},
  pages={44--50},
  year={1999},
  publisher={American Institute of Physics}
}

@article{collaboration2015advanced,
  title={Advanced ligo},
  author={Collaboration, LIGO Scientific and others},
  journal={Class Quantum Grav},
  volume={32},
  number={7},
  pages={074001},
  year={2015}
}

@MISC{Adv_LIGO,
howpublished={\url{https://en.wikipedia.org/wiki/LIGO}}
}

@MISC{Homodyne,
howpublished={\url{https://en.wikipedia.org/wiki/Homodyne_detection}}
}

@article{Adv_LIGO_Paper,
   title={Advanced LIGO},
   volume={32},
   ISSN={1361-6382},
   url={http://dx.doi.org/10.1088/0264-9381/32/7/074001},
   DOI={10.1088/0264-9381/32/7/074001},
   number={7},
   journal={Classical and Quantum Gravity},
   publisher={IOP Publishing},
   author={Aasi, J and Abbott, B P and Abbott, R and Abbott, T and Abernathy, M R and Ackley, K and Adams, C and Adams, T and Addesso, P and et al.},
   year={2015},
   month={Mar},
   pages={074001}
}

@MISC{GWO,
howpublished={\url{https://en.wikipedia.org/wiki/Gravitational-wave_observatory}}
}

@MISC{TAMA_300,
howpublished={\url{https://en.wikipedia.org/wiki/TAMA_300}}
}

@MISC{Virgo,
howpublished={\url{https://en.wikipedia.org/wiki/Virgo_interferometer}}
}

@MISC{LIGO_India,
howpublished={\url{https://en.wikipedia.org/wiki/Indian_Initiative_in_Gravitational-wave_Observations}}
}

@MISC{LISA,
howpublished={\url{https://en.wikipedia.org/wiki/Laser_Interferometer_Space_Antenna}}
}

@MISC{ET,
howpublished={\url{https://en.wikipedia.org/wiki/Einstein_Telescope}}
}

@MISC{vacuum,
howpublished={\href{https://www.ligo.caltech.edu/page/vacuum}{Ultra-High Vacuum | LIGO Lab | Caltech}}
}

@article{carpenter2000laser,
  title={Laser Interferometer Gravitational-Wave Observatory beam tube component and module leak testing},
  author={Carpenter, WA and Shaw, PB and Jones, L and Weiss, R},
  journal={Journal of Vacuum Science \& Technology A: Vacuum, Surfaces, and Films},
  volume={18},
  number={4},
  pages={1794--1799},
  year={2000},
  publisher={American Vacuum Society}
}

@MISC{laser,
howpublished={\href{https://www.ligo.caltech.edu/page/laser}{LIGO's Laser | LIGO Lab | Caltech}}
}

@MISC{mirrors,
howpublished={\href{https://www.ligo.caltech.edu/page/optics}{LIGO Optics | LIGO Lab | Caltech}}
}

@article{althouse2001precision,
  title={Precision alignment of the LIGO 4 km arms using the dual-frequency differential global positioning system},
  author={Althouse, WE and Hand, SD and Jones, LK and Lazzarini, A and Weiss, R},
  journal={Review of scientific instruments},
  volume={72},
  number={7},
  pages={3086--3094},
  year={2001},
  publisher={American Institute of Physics}
}

@article{BBPD,
  title={Broadband Photodetector (BBPD)},
  author={Matthew Evans},
  journal={LIGO Laboratory.caltech.edu},
  number={D1002969-v7},
  pages={8},
  year={April 24, 2011},
  publisher={LIGO Scientific Collaboration}
}

@article{GW190521_1,
   title={GW190521: A Binary Black Hole Merger with a Total Mass of $150\,M_\odot$},
   volume={125},
   ISSN={1079-7114},
   url={http://dx.doi.org/10.1103/PhysRevLett.125.101102},
   DOI={10.1103/physrevlett.125.101102},
   number={10},
   journal={Physical Review Letters},
   publisher={American Physical Society (APS)},
   author={Abbott, R. and Abbott, T.D. and Abraham, S. and Acernese, F. and Ackley, K. and Adams, C. and Adhikari, R.X. and Adya, V.B. and Affeldt, C. and Agathos, M. and et al.},
   year={2020},
   month={Sep}
}

@article{GW190521_2,
   title={GW190521: THE MOST MASSIVE BLACK HOLE COLLISION OBSERVED TO DATE},
   url={https://www.ligo.org/science/Publication-GW190521/flyer.pdf},
   journal={LIGO scientific collaboration},
   publisher={ligo.org}
}

@article{GW190425_1,
	doi = {10.3847/2041-8213/ab75f5},
	url = {https://doi.org/10.3847/2041-8213/ab75f5},
	year = 2020,
	month = {mar},
	publisher = {American Astronomical Society},
	volume = {892},
	number = {1},
	pages = {L3},
	author = {B. P. Abbott and R. Abbott and T. D. Abbott et. al},
	title = {{GW}190425: Observation of a Compact Binary Coalescence with Total Mass $\sim$ $3.4 M\, \odot$},
	journal = {The Astrophysical Journal}
}

@article{Romero_Shaw_2020,
   title={On the origin of GW190425},
   volume={496},
   ISSN={1745-3933},
   url={http://dx.doi.org/10.1093/mnrasl/slaa084},
   DOI={10.1093/mnrasl/slaa084},
   number={1},
   journal={Monthly Notices of the Royal Astronomical Society: Letters},
   publisher={Oxford University Press (OUP)},
   author={Romero-Shaw, Isobel M and Farrow, Nicholas and Stevenson, Simon and Thrane, Eric and Zhu, Xing-Jiang},
   year={2020},
   month={May},
   pages={L64–L69}
}

@article{PhysRevLett.118.221101,
  title = {GW170104: Observation of a 50-Solar-Mass Binary Black Hole Coalescence at Redshift 0.2},
  author = {Abbott, B. P. and Abbott, R. and Abbott, T. D. et. al},
  collaboration = {LIGO Scientific and Virgo Collaboration},
  journal = {Phys. Rev. Lett.},
  volume = {118},
  issue = {22},
  pages = {221101},
  numpages = {17},
  year = {2017},
  month = {Jun},
  publisher = {American Physical Society},
  doi = {10.1103/PhysRevLett.118.221101},
  url = {https://link.aps.org/doi/10.1103/PhysRevLett.118.221101}
}

@article{GW190412,
   title={GW190412: Observation of a binary-black-hole coalescence with asymmetric masses},
   volume={102},
   ISSN={2470-0029},
   url={http://dx.doi.org/10.1103/PhysRevD.102.043015},
   DOI={10.1103/physrevd.102.043015},
   number={4},
   journal={Physical Review D},
   publisher={American Physical Society (APS)},
   author={Abbott, R. and Abbott, T. D. and Abraham, S. and Acernese, F. and Ackley, K. and Adams, C. and Adhikari, R. X. and Adya, V. B. and Affeldt, C. and Agathos, M. and et al.},
   year={2020},
   month={Aug}
}

